@misc{utilizzazioni_albero,
key = {CREA},
title = {@CREA Energia con il pioppo/1, lâ€™albero del popolo},
url={https://creafuturo.crea.gov.it/wp-content/uploads/2023/01/Figura1.jpg},
notes = {Site update: 2023-12-31}}